@article{hektor2016coupled,
  title={Coupled diffusion-deformation multiphase field model for elastoplastic materials applied to the growth of {Cu6Sn5}},
  author={Hektor, Johan and Ristinmaa, Matti and Hallberg, H{\aa}kan and Hall, Stephen A and Iyengar, Srinivasan},
  journal={Acta Materialia},
  volume={108},
  pages={98--109},
  year={2016},
  publisher={Elsevier}
}
@article{moelans2011quantitative,
  title={A quantitative and thermodynamically consistent phase-field interpolation function for multi-phase systems},
  author={Moelans, Nele},
  journal={Acta Materialia},
  volume={59},
  number={3},
  pages={1077--1086},
  year={2011},
  publisher={Elsevier}
}
@article{shen2007effect,
  title={Effect of elastic interaction on nucleation: {II}. Implementation of strain energy of nucleus formation in the phase field method},
  author={Shen, C and Simmons, JP and Wang, Y},
  journal={Acta materialia},
  volume={55},
  number={4},
  pages={1457--1466},
  year={2007},
  publisher={Elsevier}
}
@article{mellbin2017extended,
title = "An extended vertex and crystal plasticity framework for efficient multiscale modeling of polycrystalline materials",
journal = "International Journal of Solids and Structures",
volume = "125",
pages = "150 - 160",
year = "2017",
issn = "0020-7683",
doi = "https://doi.org/10.1016/j.ijsolstr.2017.07.009",
url = "http://www.sciencedirect.com/science/article/pii/S0020768317303268",
author = "Ylva Mellbin and HÃ¥kan Hallberg and Matti Ristinmaa",
keywords = "Crystal plasticity, Vertex model, Recrystallization, Grain growth, Texture, Particle pinning, Hall-Petch, Large deformations, Numerical simulation, Finite elements"
}
@article{zhao2017plastic,
  title={On the plastic driving force of grain boundary migration: A fully coupled phase field and crystal plasticity model},
  author={Zhao, L and Chakraborty, P and Tonks, MR and Szlufarska, I},
  journal={Computational Materials Science},
  volume={128},
  pages={320--330},
  year={2017},
  publisher={Elsevier}
}
